@techreport{isoqrcode,
    type = {Standard},
    number = {ISO/IEC 18004:2015},
    language = {en},
    title = {QR Code bar code symbology specification},
    institution = {International Organization for Standardization},
    year = {2015},
    url = {https://www.iso.org/standard/62021.html},
}

@techreport{isoutc,
    type = {Standard},
    number = {ISO 8601-1:2019},
    language = {en},
    title = {Date and time â€” Representations for information interchange},
    institution = {International Organization for Standardization},
    year = {2019},
    url = {https://www.iso.org/standard/70907.html},
}
