@techreport{isogeo,
    type = {Standard},
    number = {ISO 6709:2008},
    language = {en},
    title = {Standard representation of geographic point location by coordinates},
    institution = {International Organization for Standardization},
    year = {2018},
    url = {https://www.iso.org/standard/39242.html},
}
@techreport{ietfmailformat,
    author = {J. Klensin},
    title = {Application Techniques for Checking and Transformation of Names},
    howpublished = {Internet Requests for Comments},
    type = {RFC},
    number = 3696,
    year = {2004},
    month = {02},
    publisher = {Internet Engineering Task Force},
    institution = {Internet Engineering Task Force},
    url = {https://tools.ietf.org/html/rfc3696}
}

@techreport{ietfsmtp,
    author = {J. Klensin},
    title = {Simple Mail Transfer Protocol},
    howpublished = {Internet Requests for Comments},
    type = {RFC},
    number = 5321,
    year = {2008},
    month = {10},
    publisher = {Internet Engineering Task Force},
    institution = {Internet Engineering Task Force},
    url = {https://tools.ietf.org/html/rfc5321}
}

@techreport{isoutc,
    type = {Standard},
    number = {ISO 8601-1:2019},
    language = {en},
    title = {Date and time â€” Representations for information interchange},
    institution = {International Organization for Standardization},
    year = {2019},
    url = {https://www.iso.org/standard/70907.html},
}
